@inproceedings{DBLP:conf/vldb/GoldmanW97,
	author = {Roy Goldman and Jennifer Widom},
	booktitle = {{VLDB}},
	pages = {436--445},
	publisher = {Morgan Kaufmann},
	title = {DataGuides: Enabling Query Formulation and Optimization in SemistructuredDatabases},
	year = 1997
}

@inproceedings{DBLP:conf/edbt/BaaziziLCGS17,
	author = {Mohamed Amine Baazizi and Houssem Ben Lahmar and Dario Colazzo and Giorgio Ghelli and Carlo Sartiani},
	booktitle = {{EDBT}},
	dateadded = {2017-07-06 23:12:43 +0000},
	datemodified = {2017-07-06 23:12:43 +0000},
	pages = {222--233},
	publisher = {OpenProceedings.org},
	title = {Schema Inference for Massive {JSON} Datasets},
	year = 2017
}

@inproceedings{DBLP:conf/sigmod/DiScalaA16,
	author = {Michael DiScala and Daniel J. Abadi},
	booktitle = {{SIGMOD} Conference},
	dateadded = {2017-07-06 23:12:16 +0000},
	datemodified = {2017-07-06 23:12:16 +0000},
	pages = {295--310},
	publisher = {ACM},
	title = {Automatic Generation of Normalized Relational Schemas from Nested Key-Value Data},
	year = 2016
}

@inproceedings{spoth:2017:cidr:adaptive,
	author = {Spoth, William and Arab, Bahareh Sadat and Chan, Eric S. and Gawlick, Dieter and Ghoneimy, Adel and Glavic, Boris and Hammerschmidt, Beda and Kennedy, Oliver and Lee, Seokki and Liu, Zhen Hua and Niu, Xing and Yang, Ying},
	booktitle = {CIDR},
	dateadded = {2017-07-03 17:51:50 +0000},
	datemodified = {2017-07-03 17:51:50 +0000},
	title = {Adaptive Schema Databases},
	year = 2017
}

@inproceedings{DBLP:conf/cidr/LiuG15,
	author = {Zhen Hua Liu and Dieter Gawlick},
	booktitle = {{CIDR}},
	dateadded = {2017-07-12 22:02:39 +0000},
	datemodified = {2017-07-12 22:02:39 +0000},
	publisher = {www.cidrdb.org},
	title = {Management of Flexible Schema Data in RDBMSs - Opportunities and Limitations for NoSQL -},
	year = 2015
}

@inproceedings{DBLP:conf/dbpl/BaaziziCGS17,
	author = {Mohamed Amine Baazizi and Dario Colazzo and Giorgio Ghelli and Carlo Sartiani},
	booktitle = {{DBPL}},
	pages = {9:1--9:12},
	publisher = {{ACM}},
	title = {Counting types for massive {JSON} datasets},
	year = 2017
}

@article{yang2015lenses,
	author = {Yang, Ying and Meneghetti, Niccolo and Fehling, Ronny and Liu, Zhen Hua and Kennedy, Oliver},
	dateadded = {2015-06-24 20:23:11 +0000},
	datemodified = {2015-06-24 20:25:09 +0000},
	journal = {Proc. VLDB Endow.},
	number = 12,
	title = {Lenses: An On-Demand Approach to ETL},
	volume = 8,
	year = 2015
}

@inproceedings{DBLP:conf/sigmod/AlagiannisBBIA12,
	author = {Ioannis Alagiannis and Renata Borovica and Miguel Branco and Stratos Idreos and Anastasia Ailamaki},
	booktitle = {{SIGMOD} Conference},
	pages = {241--252},
	publisher = {{ACM}},
	title = {NoDB: efficient query execution on raw data files},
	year = 2012
}

@inproceedings{DBLP:conf/cidr/IdreosKM07,
	author = {Stratos Idreos and Martin L. Kersten and Stefan Manegold},
	booktitle = {{CIDR}},
	pages = {68--78},
	publisher = {www.cidrdb.org},
	title = {Database Cracking},
	year = 2007
}

@article{nandi2013gestural,
	title={Gestural query specification},
	author={Nandi, Arnab and Jiang, Lilong and Mandel, Michael},
	journal={Proceedings of the VLDB Endowment},
	volume={7},
	number={4},
	pages={289--300},
	year={2013},
	publisher={VLDB Endowment}
}

@inproceedings{kandel2011wrangler,
	title={Wrangler: Interactive visual specification of data transformation scripts},
	author={Kandel, Sean and Paepcke, Andreas and Hellerstein, Joseph and Heer, Jeffrey},
	booktitle={Proceedings of the SIGCHI Conference on Human Factors in Computing Systems},
	pages={3363--3372},
	year={2011},
	organization={ACM}
}

@inproceedings{raman2001potter,
	title={Potter's wheel: An interactive data cleaning system},
	author={Raman, Vijayshankar and Hellerstein, Joseph M},
	booktitle={VLDB},
	volume={1},
	pages={381--390},
	year={2001}
}

@inproceedings{fabian2007yago,
	title={Yago: A core of semantic knowledge unifying wordnet and wikipedia},
	author={Fabian, MS and Gjergji, K and Gerhard, WEIKUM and others},
	booktitle={16th International World Wide Web Conference, WWW},
	pages={697--706},
	year={2007}
}

@inproceedings{ping2017datasynthesizer,
	title={DataSynthesizer: Privacy-preserving synthetic datasets},
	author={Ping, Haoyue and Stoyanovich, Julia and Howe, Bill},
	booktitle={Proceedings of the 29th International Conference on Scientific and Statistical Database Management},
	pages={42},
	year={2017},
	organization={ACM}
}

@inproceedings{fisher2005pads,
	title={PADS: a domain-specific language for processing ad hoc data},
	author={Fisher, Kathleen and Gruber, Robert},
	booktitle={ACM Sigplan Notices},
	volume={40},
	number={6},
	pages={295--304},
	year={2005},
	organization={ACM}
}

@article{zhu2016lsh,
	title={LSH ensemble: Internet-scale domain search},
	author={Zhu, Erkang and Nargesian, Fatemeh and Pu, Ken Q and Miller, Ren{\'e}e J},
	journal={Proceedings of the VLDB Endowment},
	volume={9},
	number={12},
	pages={1185--1196},
	year={2016},
	publisher={VLDB Endowment}
}

@online{babelnet,
  author = {Babelscape},
  title = {{BabelNet} semantic knowledge base },
  year = 2018,
  url = {http://babelnet.org},
  urldate = {2018-03-25}
}